%% This BibTeX bibliography file was created using BibDesk.
%% http://bibdesk.sourceforge.net/


%% Created for Erik Prabowo Kamal at 2010-10-06 10:05:45 +0700 


%% Saved with string encoding Unicode (UTF-8) 



@inproceedings{VirtualEasterEggHunting,
	Author = {Goertzel, Ben},
	Booktitle = {Advances in Artificial General Intelligence: Concepts, Architectures and Algorithms},
	Date-Added = {2010-10-04 10:34:35 +0700},
	Date-Modified = {2010-10-06 10:05:45 +0700},
	Editor = {Goertzel, Ben and Wang, Pei},
	Keywords = {egg hunting learning self},
	Month = {June},
	Organization = {AGIRI},
	Pages = {320},
	Publisher = {IOS Press},
	Title = {Virtual Easter Egg Hunting: A Thought-Experiment in Embodied Social Learning, Cognitive Process Integration, and the Dynamic Emergence of the Self},
	Volume = {157},
	Year = {2007}}
