% This file was created with JabRef 2.5.
% Encoding: UTF-8

@BOOK{baken1999,
  title = {{Clinical Measurement of Speech \& Voice}},
  publisher = {Singular},
  year = {1999},
  author = {Ronald J. Baken and Robert F. Orlikoff},
  edition = {2nd}
}

@INCOLLECTION{benesty2008,
  author = {Jacob Benesty and Jingdong Chen and Yiteng Huang},
  title = {{Direction-of-Arrival and Time-Difference-of-Arrival Estimation}},
  booktitle = {{Microphone Array Signal Processing}},
  publisher = {Springer Berlin Heidelberg},
  year = {2008},
  volume = {1},
  series = {Springer Topics in Signal Processing},
  pages = {181--215},
  isbn = {978-3-540-78612-2},
  keyword = {Engineering}
}

@ARTICLE{beun2003,
  author = {RJ Beun and Eveliene De Vos},
  title = {{Embodied conversational agents: effects on memory performance and
	anthropomorphisation}},
  journal = {Intelligent virtual agents: 4th},
  year = {2003},
  pages = {315--319},
  file = {:home/inspiration/Documents/Mendeley Desktop/Beun, Vos/Beun, Vos - 2003 - Embodied conversational agents effects on memory performance and anthropomorphisation.pdf:pdf}
}

@INPROCEEDINGS{birchfield2005,
  author = {S.T. Birchfield and R. Gangishetty},
  title = {{Acoustic localization by interaural level difference}},
  booktitle = {Acoustics, Speech, and Signal Processing, 2005. Proceedings.(ICASSP'05).
	IEEE International Conference on},
  year = {2005},
  volume = {4},
  number = {March},
  publisher = {IEEE},
  file = {:home/inspiration/Documents/Mendeley Desktop/Birchfield, Gangishetty/Birchfield, Gangishetty - 2005 - Acoustic localization by interaural level difference.pdf:pdf}
}

@ARTICLE{cassell2000,
  author = {Justine Cassell},
  title = {{Embodied conversational interface agents}},
  journal = {Communications of the ACM},
  year = {2000},
  volume = {43},
  pages = {70--78},
  number = {4},
  doi = {10.1145/332051.332075},
  file = {:home/inspiration/Documents/Mendeley Desktop/Cassell/Cassell - 2000 - Embodied conversational interface agents.pdf:pdf},
  publisher = {ACM}
}

@INPROCEEDINGS{cassell1999,
  author = {J Cassell and T Bickmore and M Billinghurst and L. Campbell and K.
	Chang and H. Vilhj{\'a}lmsson and H. Yan},
  title = {{Embodiment in conversational interfaces: Rea}},
  booktitle = {Proceedings of the SIGCHI conference on Human factors in computing
	systems},
  year = {1999},
  number = {May},
  pages = {520--527},
  doi = {10.1145/302979.303150},
  file = {:home/inspiration/Documents/Mendeley Desktop/Cassell et al./Cassell et al. - 1999 - Embodiment in conversational interfaces Rea.pdf:pdf},
  keywords = {and, breakdown, learn, more functional in high, more resistant to
	communication, noise environments, power of human, the full breadth
	and, therefore, we propose to leverage}
}

@INPROCEEDINGS{cassell1998,
  author = {J Cassell and T Bickmore and M Billinghurst and L Campbell and K
	Chang and H Vilhj{\'a}lmsson and H Yan},
  title = {{An architecture for embodied conversational characters}},
  booktitle = {Proceedings of the First Workshop on Embodied Conversational Characters},
  year = {1998},
  number = {Goodwin 1981},
  pages = {109--120},
  publisher = {Citeseer},
  file = {:home/inspiration/Documents/Mendeley Desktop/Cassell et al./Cassell et al. - 1998 - An architecture for embodied conversational characters.pdf:pdf}
}

@INPROCEEDINGS{cassell2000a,
  author = {J Cassell and T Bickmore and H. Vilhj{\'a}lmsson and H Yan},
  title = {{More than just a pretty face: affordances of embodiment}},
  booktitle = {Proceedings of the 5th international conference on Intelligent user
	interfaces},
  year = {2000},
  pages = {52--59},
  publisher = {ACM},
  file = {:home/inspiration/Documents/Mendeley Desktop/Cassell et al./Cassell et al. - 2000 - More than just a pretty face affordances of embodiment.pdf:pdf}
}

@INCOLLECTION{chen2004,
  author = {Jingdong Chen and Yiteng (Arden) Huang and Jacob Benesty},
  title = {{Time Delay Estimation}},
  booktitle = {{Audio Signal Processing for Next-Generation Multimedia Communication
	Systems}},
  publisher = {Kluwer Academic Publishers},
  year = {2004},
  address = {Boston},
  isbn = {1-4020-7768-8}
}

@MISC{depdiknas2011,
  author = {{Departemen Pendidikan Nasional Republik Indonesia}},
  title = {{Kamus Besar Bahasa Indonesia}},
  note = {diakses pada Mei 2011},
  url = {http://pusatbahasa.diknas.go.id/kbbi/}
}

@ARTICLE{doclo2003,
  author = {Simon Doclo and Marc Moonen},
  title = {Robust Adaptive Time Delay Estimation for Speaker Localization in
	Noisy and Reverberant Acoustic Environments},
  journal = {EURASIP Journal on Applied Signal Processing},
  year = {2003},
  volume = {2003},
  pages = {1110--1124},
  number = {11},
  bibdate = {2011-02-28},
  bibsource = {DBLP, http://dblp.uni-trier.de/db/journals/ejasp/ejasp2003.html\\\\\\\\\\\\\\\\\\\\\\\\#DocloM03}
}

@INCOLLECTION{elko2008,
  author = {Gary W. Elko and Jens Meyer},
  title = {{Microphone Arrays}},
  booktitle = {{Springer Handbook of Speech Processing}},
  publisher = {Springer Berlin Heidelberg},
  year = {2008},
  editor = {Jacob Benesty and M. Mohan Sondhi and Yiteng (Arden) Huang},
  pages = {1021--1041},
  affiliation = {mh acoustics LLC, 25A Summit Ave, 07901 Summit, NJ, USA},
  isbn = {978-3-540-49127-9},
  keyword = {Engineering}
}

@BOOK{forouzan2003,
  title = {{Data Communications and Networking}},
  publisher = {McGraw-Hill, Inc.},
  year = {2003},
  author = {Behrouz A. Forouzan},
  address = {New York, NY, USA},
  edition = {3rd},
  isbn = {0072923547}
}

@ARTICLE{foster2007,
  author = {M. Foster},
  title = {{Enhancing human-computer interaction with embodied conversational
	agents}},
  journal = {Universal Access in Human-Computer Interaction. Ambient Interaction},
  year = {2007},
  pages = {828--837},
  file = {:home/inspiration/Documents/Mendeley Desktop/Foster/Foster - 2007 - Enhancing human-computer interaction with embodied conversational agents.pdf:pdf},
  publisher = {Springer}
}

@ARTICLE{gasperis2010,
  author = {Giovanni De Gasperis},
  title = {{Building an AIML Chatter Bot Knowledge-Base Starting from a FAQ
	and a Glossary}},
  journal = {Journal of e-Learning and Knowledge Society},
  year = {2010},
  volume = {6},
  pages = {75--83},
  number = {2},
  issn = {1826 - 6223}
}

@BOOK{gelfand2010,
  title = {{Hearing: An Introduction to Psychological and Physiological Acoustics}},
  publisher = {Informa Healthcare },
  year = {2010},
  author = {Stanley A. Gelfand},
  edition = {5th},
  isbn = {978-1-4200-8865-6}
}

@BOOK{goldstein2010,
  title = {{Sensation and Perception}},
  publisher = {Wadsworth, Cengage Learning},
  year = {2010},
  author = {E. Bruce Goldstein},
  edition = {8th},
  isbn = {978-0-495-60149-4}
}

@BOOK{halliday2004,
  title = {{Fundamentals of Physics}},
  publisher = {Wiley},
  year = {2004},
  author = {David Halliday and Robert Resnick and Jearl Walker},
  edition = {7th}
}

@BOOK{huang2001,
  title = {{Spoken Language Processing: A Guide to Theory, Algorithm, and System
	Development}},
  publisher = {Prentice Hall PTR},
  year = {2001},
  author = {Xuedong Huang and Alex Acero and Hsiao-Wuen Hon},
  address = {Upper Saddle River, NJ, USA},
  edition = {1st},
  isbn = {0130226165}
}

@INCOLLECTION{huang2008,
  author = {Yiteng (Arden) Huang and Jacob Benesty and Jingdong Chen},
  title = {{Time Delay Estimation and Source Localization}},
  booktitle = {{Springer Handbook of Speech Processing}},
  publisher = {Springer Berlin Heidelberg},
  year = {2008},
  editor = {Jacob Benesty and M. Mohan Sondhi and Yiteng (Arden) Huang},
  pages = {1043--1063},
  affiliation = {Alcatel-Lucent, Bell Laboratories, 600 Mountain Avenue, 07974 Murray
	Hill, NJ, USA},
  isbn = {978-3-540-49127-9},
  keyword = {Engineering}
}

@BOOK{jurafsky2009,
  title = {{Speech and Language Processing}},
  publisher = {Prentice-Hall, Inc.},
  year = {2009},
  author = {Daniel Jurafsky and James H. Martin},
  edition = {2nd},
  isbn = {0131873210}
}

@MASTERSTHESIS{kirkwood03,
  author = {Brent C. Kirkwood},
  title = {Acoustic Source Localization Using Time-Delay Estimation},
  school = {Technical University of Denmark},
  year = {2003},
  month = {August},
  file = {:/home/inspiration/Documents/Paper/BCK\_MS\_Thesis\_Final\_20030811.pdf:PDF}
}

@INCOLLECTION{kollmeier2008,
  author = {Birger Kollmeier and Thomas Brand and Bernd Meyer},
  title = {{Perception of Speech and Sound}},
  booktitle = {{Springer Handbook of Speech Processing}},
  publisher = {Springer Berlin Heidelberg},
  year = {2008},
  editor = {Jacob Benesty and M. Mohan Sondhi and Yiteng (Arden) Huang},
  pages = {61--82},
  affiliation = {Medizinische Physik, Universit{\"a}t Oldenburg, 26111 Oldenburg, Germany},
  isbn = {978-3-540-49127-9},
  keyword = {Engineering}
}

@INPROCEEDINGS{lee2005,
  author = {J.Y. Lee and S. Ji and Minsoo Hahn and Y.J. Cho},
  title = {{Real-Time Sound Localization Using Time Difference for Human-Robot
	Interaction}},
  booktitle = {Proc. 16th IFAC World Congress},
  year = {2005},
  file = {:home/inspiration/Documents/Mendeley Desktop/Lee et al./Lee et al. - 2005 - Real-Time Sound Localization Using Time Difference for Human-Robot Interaction.pdf:pdf},
  keywords = {human-machine interface, interaction mechanism, robot vision, sound
	localization}
}

@INPROCEEDINGS{lee2002,
  author = {S.P. Lee and J.B. Badler and N.I. Badler},
  title = {{Eyes alive}},
  booktitle = {ACM Transactions on Graphics (TOG)},
  year = {2002},
  volume = {21},
  number = {3},
  pages = {637--644},
  month = jul,
  publisher = {ACM},
  doi = {10.1145/566654.566629},
  file = {:home/inspiration/Documents/Mendeley Desktop/Lee, Badler, Badler/Lee, Badler, Badler - 2002 - Eyes alive.pdf:pdf},
  issn = {07300301},
  keywords = {a fluent, continuous one, describes the phenomenological aspect, eye
	movement synthesis, facial animation, hci, human-computer interface,
	modeling, of eye movement, saccades, statistical, the name very appropriately}
}

@MISC{loebner2011,
  author = {Hugh Gene Loebner},
  title = {{Home Page of The Loebner Prize in Artificial Intelligence}},
  note = {diakses pada 10 Mei 2011, 02:00 WIB},
  url = {http://www.loebner.net/Prizef/loebner-prize.html}
}

@INPROCEEDINGS{massaro2006,
  author = {D.W. Massaro and Ying Liu and T.H. Chen and Charles Perfetti},
  title = {{A multilingual embodied conversational agent for tutoring speech
	and language learning}},
  booktitle = {Proceedings of the Ninth International Conference on Spoken Language
	Processing (Interspeech 2006-ICSLP, September, Pittsburgh, PA)},
  year = {2006},
  pages = {825--828},
  publisher = {Citeseer},
  file = {:home/inspiration/Documents/Mendeley Desktop/Massaro et al./Massaro et al. - 2006 - A multilingual embodied conversational agent for tutoring speech and language learning.pdf:pdf},
  keywords = {[Electronic Manuscript]}
}

@ARTICLE{mctear2002,
  author = {Michael F. McTear},
  title = {Spoken dialogue technology: enabling the conversational user interface},
  journal = {ACM Computing Surveys},
  year = {2002},
  volume = {34},
  pages = {90--169},
  month = mar,
  acmid = {505285},
  address = {New York, NY, USA},
  doi = {http://doi.acm.org/10.1145/505282.505285},
  issn = {0360-0300},
  issue = {1},
  keywords = {Dialogue management, human computer interaction, language generation,
	language understanding, speech recognition, speech synthesis},
  numpages = {80},
  publisher = {ACM}
}

@PHDTHESIS{nakano2010,
  author = {Alberto Yoshihiro Nakano},
  title = {Exploring {Spatial Information For Distant Speech Recognition Under
	Real Environmental Conditions}},
  school = {Toyohashi University of Technology},
  year = {2010},
  month = {March},
  file = {:/home/inspiration/Documents/Paper/alberto.pdf:PDF}
}

@INPROCEEDINGS{niewiadomski2009,
  author = {Radoslaw Niewiadomski and Elisabetta Bevacqua and Maurizio Mancini
	and Catherine Pelachaud},
  title = {Greta: an interactive expressive ECA system},
  booktitle = {Proceedings of The 8th International Conference on Autonomous Agents
	and Multiagent Systems - Volume 2},
  year = {2009},
  series = {AAMAS '09},
  pages = {1399--1400},
  address = {Richland, SC},
  publisher = {International Foundation for Autonomous Agents and Multiagent Systems},
  acmid = {1558314},
  isbn = {978-0-9817381-7-8},
  keywords = {BML, ECA architecture, FML, multimodal behavior, SAIBA},
  location = {Budapest, Hungary},
  numpages = {2}
}

@INPROCEEDINGS{nugraha2010,
  author = {Aditya Arie Nugraha and Andik Taufiq and Nur Ichsan Utama and Ary
	Setijadi Prihatmanto},
  title = {{Smart Assistant for Museum's Objects Navigation (SAMsON)}},
  booktitle = {Proceedings of The 5th AOTULE International Postgraduate Students
	Conference on Engineering},
  year = {2010},
  pages = {186--189},
  month = nov,
  isbn = {9789791344913}
}

@ARTICLE{park2009,
  author = {Youngjin Park},
  title = {{Application of 3D sound technology to intelligent robots}},
  journal = {Proceedings of the 3rd International Universal Communication Symposium
	on - IUCS '09},
  year = {2009},
  pages = {199},
  number = {8},
  address = {New York, New York, USA},
  doi = {10.1145/1667780.1667822},
  file = {:home/inspiration/Documents/Mendeley Desktop/Park/Park - 2009 - Application of 3D sound technology to intelligent robots.pdf:pdf},
  isbn = {9781605586410},
  keywords = {acoustic mems, artificial ear, robot, sound direction estimation,
	sound source localization, spatially mapped gcc function},
  publisher = {ACM Press}
}

@ARTICLE{rabiner2007,
  author = {Lawrence R. Rabiner and Ronald W. Schafer},
  title = {Introduction to digital speech processing},
  journal = {Foundations and Trends R in Signal Processing},
  year = {2007},
  volume = {1},
  pages = {1--194},
  month = {January},
  acmid = {1345476},
  address = {Hanover, MA, USA},
  doi = {10.1561/2000000001},
  issn = {1932-8346},
  issue = {1-2},
  numpages = {194},
  publisher = {Now Publishers Inc.}
}

@ARTICLE{rehm2005,
  author = {M. Rehm},
  title = {{From Chatterbots to Natural Interaction -- Face to Face Communication
	with Embodied Conversational Agents}},
  journal = {IEICE Transactions on Information and Systems},
  year = {2005},
  volume = {E88-D},
  pages = {2445--2452},
  number = {11},
  month = nov,
  doi = {10.1093/ietisy/e88-d.11.2445},
  file = {:home/inspiration/Documents/Mendeley Desktop/Rehm, Andr/Rehm, Andr - Unknown - From Chatterbots to Natural Interaction — Face to Face.pdf:pdf},
  keywords = {embodied conversational agents, multi-party com-}
}

@ARTICLE{rickel2002,
  author = {J. Rickel and S. Marsella and J. Gratch and R. Hill and D. Traum
	and W. Swartout},
  title = {{Toward a new generation of virtual humans for interactive experiences}},
  journal = {IEEE Intelligent Systems},
  year = {2002},
  volume = {17},
  pages = {32--38},
  number = {4},
  month = jul,
  doi = {10.1109/MIS.2002.1024750},
  file = {:home/inspiration/Documents/Mendeley Desktop/Rickel et al./Rickel et al. - 2002 - Toward a new generation of virtual humans for interactive experiences.pdf:pdf},
  issn = {1541-1672}
}

@INPROCEEDINGS{saruwatari09,
  author = {Hiroshi Saruwatari and Hiromichi Kawanami and Shota Takeuchi and
	Yu Takahashi and Tobias Cincarek and Kiyohiro Shikano},
  title = {Hands-free speech recognition challenge for real-world speech dialogue
	systems},
  booktitle = {ICASSP},
  year = {2009},
  pages = {3729--3732},
  publisher = {IEEE},
  bibdate = {2010-05-06},
  bibsource = {DBLP, http://dblp.uni-trier.de/db/conf/icassp/icassp2009.html\\\\\\\\\\\\\\\\\\\\\\\\#SaruwatariKTTCS09}
}

@ARTICLE{shawar2007,
  author = {Bayan Abu Shawar and Eric Atwell},
  title = {Chatbots: Are they Really Useful?},
  journal = {LDV Forum},
  year = {2007},
  volume = {22},
  pages = {29--49},
  number = {1},
  bibdate = {2011-03-14},
  bibsource = {DBLP, http://dblp.uni-trier.de/db/journals/ldvf/ldvf22.html\\\\\\\\\\\\\\\\\\\\\\#ShawarA07}
}

@MISC{stephens-,
  author = {Kenneth R. Stephens},
  title = {What Has the Loebner Contest Told Us About Conversant Systems?},
  note = {diakses pada 10 Mei 2011, 02:00 WIB},
  url = {http://www.behavior.org/resources/325.pdf}
}

@INPROCEEDINGS{swartout2010,
  author = {William Swartout and David Traum and Ron Artstein and Dan Noren and
	Paul Debevec and Kerry Bronnenkant and Josh Williams and Anton Leuski
	and Shrikanth Narayanan and Diane Piepol and Chad Lane and Jacquelyn
	Morie and Priti Aggarwal and Matt Liewer and Jen-Yuan Chiang and
	Jillian Gerten and Selina Chu and Kyle White},
  title = {Ada and grace: toward realistic and engaging virtual museum guides},
  booktitle = {Proceedings of the 10th international conference on Intelligent virtual
	agents},
  year = {2010},
  series = {IVA'10},
  pages = {286--300},
  address = {Berlin, Heidelberg},
  publisher = {Springer-Verlag},
  acmid = {1889110},
  isbn = {3-642-15891-9, 978-3-642-15891-9},
  keywords = {informal science education, natural language interaction, photoreal
	characters, STEM, virtual human applications, virtual museum guides},
  location = {Philadelphia, PA},
  numpages = {15}
}

@ARTICLE{turing1950,
  author = {A. M. Turing},
  title = {Computing Machinery and Intelligence},
  journal = {Mind},
  year = {1950},
  volume = {59},
  pages = {433--60},
  number = {236},
  month = oct,
  issn = {0026-4423}
}

@INPROCEEDINGS{vanes2002,
  author = {I. {Van Es} and Dirk Heylen and B. {Van Dijk} and Anton Nijholt},
  title = {{Making agents gaze naturally-Does it work?}},
  booktitle = {Proceedings of the Working Conference on Advanced Visual Interfaces},
  year = {2002},
  pages = {357--358},
  publisher = {ACM},
  file = {:home/inspiration/Documents/Mendeley Desktop/Van Es et al./Van Es et al. - 2002 - Making agents gaze naturally-Does it work.pdf:pdf},
  keywords = {conversational agents, gaze, non-verbal communication}
}

@INCOLLECTION{wallace2009,
  author = {Richard S. Wallace},
  title = {{The Anatomy of A.L.I.C.E.}},
  booktitle = {{Parsing the Turing Test}},
  publisher = {Springer Netherlands},
  year = {2009},
  editor = {Robert Epstein and Gary Roberts and Grace Beber},
  pages = {181--210},
  note = {10.1007/978-1-4020-6710-5\_13},
  affiliation = {A.L.I.C.E. Artificial Intelligence Foundation, Inc. Bethlehem PA USA},
  isbn = {978-1-4020-6710-5},
  keyword = {Computer Science}
}

@MANUAL{wallace2003,
  title = {The Elements of AIML Style},
  author = {Richard S. Wallace},
  month = mar,
  year = {2003}
}

@ARTICLE{weizenbaum1966,
  author = {J. Weizenbaum},
  title = {{ELIZA}-a computer program for the study of natural language comunication
	between man and machine},
  journal = {Communications of the ACM},
  year = {1966},
  volume = {9},
  pages = {36--45},
  number = {1}
}

@INPROCEEDINGS{wolff2008,
  author = {Robin Wolff and David J. Roberts and Alessio Murgia and Norman Murray
	and John Rae and William Steptoe and Anthony Steed and Paul M. Sharkey},
  title = {Communicating Eye Gaze across a Distance without Rooting Participants
	to the Spot},
  booktitle = {DS-RT},
  year = {2008},
  editor = {David Roberts and Abdulmotaleb El-Saddik and Alois Ferscha},
  pages = {111--118},
  publisher = {IEEE Computer Society},
  bibdate = {2009-06-15},
  bibsource = {DBLP, http://dblp.uni-trier.de/db/conf/dsrt/dsrt2008.html\\\\\\\\\\\\\\\\\\\\\\\\#WolffRMMRSSS08},
  booktitle1 = {12th {IEEE}/{ACM} International Symposium on Distributed Simulation
	and Real-Time Applications, 27-29 October 2008, Vancouver, {BC},
	Canada, Proceedings},
  isbn = {978-0-7695-3425-1}
}

@ARTICLE{zadrozny2000,
  author = {Wlodek Zadrozny and Malgorzata Budzikowska and Joyce Yue Chai and
	Nanda Kambhatla and Sylvie Levesque and Nicolas Nicolov},
  title = {Enabling technologies: natural language dialogue for personalized
	interaction},
  journal = {Communications of the ACM},
  year = {2000},
  volume = {43},
  pages = {116--120},
  number = {8},
  bibdate = {2009-04-16},
  bibsource = {DBLP, http://dblp.uni-trier.de/db/journals/cacm/cacm43.html\\\\\\\\\\\\\\\\\\\\\\#ZadroznyBCKLN00}
}

@BOOK{cole1997,
  title = {{Survey of State of the Art in Human Language Technology}},
  publisher = {Cambrige University Press},
  year = {1997},
  editor = {Ronald A. Cole and Joseph Mariani and Hans Uszkoreit and Annie Zaenen
	and Victor Zue},
  url = {http://cslu.cse.ogi.edu/HLTsurvey/}
}

@MISC{alice2011,
  author = {\_\_\_\_\_\_\_\_\_\_},
  title = "{Chat Robot Survey}",
  howpublished = "{ALICE Artificial Intelligence Foundation}",
  note = {diakses pada 10 Mei 2011, 02:00 WIB},
  url = {http://www.alicebot.org/aimlbots.html}
}

@MISC{themuseumofscienceboston-,
  author = {\_\_\_\_\_\_\_\_\_\_},
  title = {{Meet Ada and Grace: Virtual Museum Guides}},
  howpublished = {{The Museum of Science, Boston}},
  note = {diakses pada 10 Mei 2011, 17:00 WIB},
  url = {http://www.mos.org/interfaces/adagrace.php}
}

@MISC{uscinstituteforcreativetechnologies-,
  author = {\_\_\_\_\_\_\_\_\_\_},
  title = {{Responsive Virtual Human Museum Guides}},
  howpublished = {{USC Institute for Creative Technologies}},
  note = {diakses pada 10 Mei 2011, 17:00 WIB},
  url = {http://ict.usc.edu/projects/responsive_virtual_human_museum_guides/}
}

@MISC{armedwithscience-,
  author = {\_\_\_\_\_\_\_\_\_\_},
  title = {{Virtual Humans Blog on Science and Women’s History}},
  howpublished = {{Armed with Science}},
  month = mar,
  year = {2010},
  note = {diakses pada 10 Mei 2011, 17:00 WIB},
  url = {http://science.dodlive.mil/2010/03/04/virtual-humans-blog-on-science-and-womens-history/}
}

@BOOKLET{bps2010,
  title = {{Hasil Sensus Penduduk 2010: Data Agregat per Provinsi}},
  author = {\_\_\_\_\_\_\_\_\_\_},
  howpublished = {{Badan Pusat Statistik}},
  month = agt,
  year = {2010}
}

@MISC{dppobappenas2009,
  author = {\_\_\_\_\_\_\_\_\_\_},
  title = {{Jumlah Pengunjung Museum di Indonesia}},
  howpublished = {{Direktorat Kebudayaan, Pariwisata, Pemuda, dan Olahraga, Badan Perencanaan
	Pembangunan Nasional}},
  year = {2009},
  note = {diakses pada 10 Mei 2011, 17:00 WIB},
  url = {http://kppo.bappenas.go.id/preview/225}
}

